@inproceedings{jin2013epidemiological,
  title={Epidemiological modeling of news and rumors on twitter},
  author={Jin, Fang and Dougherty, Edward and Saraf, Parang and Cao, Yang and Ramakrishnan, Naren},
  booktitle={Proceedings of the 7th Workshop on Social Network Mining and Analysis},
  pages={8},
  year={2013},
  organization={ACM}
}